@string{sigcomm = "{SIGCOMM}"}
@string{mobicom= "{Proc. of MobiCom}"}
@string{imc= "{Proc. of IMC}"}
@string{hotnets= "{Proc. of HotNets}"}
@string{globecom= "{Proc. of GLOBECOM}"}
@string{pimrc= "{Proc. of PIMRC}"}
@string{wcnc="{Proc. of WCNC}"}
@string{nsdi="{NSDI}"}
@string{infocom="{Proc. of INFOCOM}"}
@string{wren="{Proc. of WREN}"}
@string{usenix="{Proc. of USENIX}"}
@string{hotcloud="{Proc. of HOTCLOUD}"}
@string{mascots="{Proc. of MASCOTS}"}
@string{osdi = "{Proc. of OSDI}"}
@string{sosp = "{Proc. of SOSP}"}

% author = {Singla, Ankit and Singh, Atul and Ramachandran, Kishore and Xu, Lei and Zhang, Yueping},
@inproceedings{singla10,
 author = {Singla, Ankit and Singh, Atul and Ramachandran, Kishore and Xu, Lei and Zhang, Yueping},
 title = {Proteus: a topology malleable data center network},
 booktitle = hotnets,
 year = {2010},
} 

% Andersen, David G. and Kaminsky, Michael and Papagiannaki, Konstantina and Ng, T.S. Eugene and Kozuch, Michael and Ryan, Michael

@inproceedings{wang-sigcomm10,
 author = {Andersen, David G. and Kaminsky, Michael and Papagiannaki, Konstantina and Ng, T.S. Eugene and Kozuch, Michael and Ryan, Michael},
 title = {c-Through: part-time optics in data centers},
 booktitle = sigcomm,
 year = {2010},
} 

 % title = {{NSI Antenna Measurement Solutions}},
@Misc{nsi,
  key="zzzzz",
  title={{NSI}},
  howpublished = "\url{http://www.nearfield.com/}",
}

@Misc{hxi,
    key="zzzzz",
  title={{HXI Milimeter Wave Products}},
  howpublished = "\url{http://www.hxi.com/}",
}
@Misc{flann,
    key="zzzzz",
  title={{Flann Microwave}},
  howpublished = "\url{http://www.flann.com/}",
}
@Misc{quinstar,
    key="zzzzz",
  title={{Quinstar Technology Inc.}},
  howpublished = "\url{http://www.quinstar.com/}",
}
%year = {2008}
@misc{SunMD2008,
title={Sun modular datacenter S20/D20 overview},
howpublished = "\url{http://download.oracle.com/docs/cd/E19115-01/mod.dc.s20/index.html}",
}
@Misc{ets,
    key="zzzzz",
  title={{ETS-Lindgren}},
  howpublished = "\url{http://ets-lindgren.com/Absorbers}",
}

@Misc{flir,
    key="zzzzz",
  title={{FLIR}},
  howpublished = "\url{http://www.flir.com/mcs/products/}",
}

%title={{Sidus Solutions LLC}},
@Misc{sidus,
    key="zzzzz",
  title={Sidus},
  howpublished = "\url{http://www.sidus-solutions.com/}",
}


%howpublished = "\url{http://uptimeinstitute.org/wp_pdf/(TUI3023)SunModularDataCenterOp_weblock.pdf}",
%year = {2007},
@misc{Sullivan07,
title={New product review: self-contained computer room in a shipping container from Sun Microsystems},
howpublished="\url{http://uptimeinstitute.org/content/view/441/390/}",

}
@article{valdes2011single,
  title={Single-element and phased-array transceiver chipsets for 60-ghz Gb/s communications},
  author={Valdes-Garcia, A. and Reynolds, S. and Natarajan, A. and Kam, D. and Liu, D. and Lai, J.W. and Huang, Y.L.O. and Chen, P.Y. and Tsai, M.D. and Zhan, J.H.C. and others},
  journal={Communications Magazine, IEEE},
  volume={49},
  number={4},
  pages={120--131},
  year={2011},
  publisher={IEEE}
}

@misc{Availabilitydigest09,
title={Data center in a box},
howpublished = "\url{http://www.availabilitydigest.com/public_articles/0407/pods.pdf}",
year = {2009},
}


% author = {Y. Katayama and K. Takano and Y. Kohda and N. Ohba and D. Nakano},
@inproceedings{katayama11,
 author = {Y. Katayama and others},
 title = {Wireless data center networking with steered-beam mmWave links},
 booktitle = {WCNC},
 year = {2011},
}

@Misc{notfixedonwireless,
    key="zzzzz",
  title = {Data center managers not fixed on wireless},
  howpublished = "\url{http://searchdatacenter.techtarget.com/tip/Data-center-managers-not-fixed-on-wireless}",
}

% author = {Benson, Theophilus and Anand, Ashok and Akella, Aditya and Zhang, Ming},
@article{benson10,
 author = {Benson, Theophilus and others},
 title = {Understanding data center traffic characteristics},
 journal = {ACM CCR},
 volume = {40},
 year = {2010},
 pages = {92--99},
}


% author = {Benson, Theophilus and others},
@inproceedings{benson10imc,
 author = {Benson, Theophilus and Akella, Aditya and Maltz, David A.},
 title = {Network traffic characteristics of data centers in the wild},
 booktitle = imc,
 year = {2010},
}

% author = {Kandula, Srikanth and Sengupta, Sudipta and Greenberg, Albert and Patel, Parveen and Chaiken, Ronnie},
@inproceedings{kandula09,
 author = {Kandula, Srikanth and others},
 title = {The nature of data center traffic: measurements \& analysis},
 booktitle = imc,
 year = {2009},
}

@inproceedings{srikanth09,
 author = {Srikanth Kandula and Jitu Padhye and Victor Bahl},
 title = {Flyways to De-Congest Data Center Networks},
 booktitle = hotnets,
 year = {2009},
}

% author = {Daniel Halperin and Srikanth Kandula and Jitendra Padhye and Paramvir Bahl and David Wetherall},
@inproceedings{halperin11,
 author = {Daniel Halperin and others},
 title = {Augmenting data center networks with multi-gigabit wireless links},
 booktitle = sigcomm,
 year = {2011},
}

\begin{comment}
author={Sato, K. and Manabe, T. and Ihara, T. and Saito, H. and Ito, S. and Tanaka, T. and Sugai, K. and Ohmi, N. and Murakami, Y. and Shibayama, M. and Konishi, Y. and Kimura, T.},
\end{comment}
@ARTICLE{sato97,
author={Sato, K. and others},
journal={IEEE Trans. on Antennas and Propagation},
title={Measurements of reflection and transmission characteristics of interior structures of office building in the {60-GHz} band},
year={1997},
volume={45},
number={12},
pages={1783 -1792},
}

\begin{comment}
author={Ahmadi-Shokouh, J. and Noghanian, S. and Hossain, E. and Ostadrahimi, M. and Dietrich, J.},
\end{comment}
@inproceedings{ahmadi09,
author={Ahmadi-Shokouh, J. and others},
booktitle=globecom,
title={Reflection Coefficient Measurement for House Flooring Materials at 57-64 {GHz}},
year={2009},
}

@inproceedings{langen94,
author={Langen, B. and Lober, G. and Herzig, W.},
booktitle=pimrc,
title={Reflection and transmission behavior of building materials at 60 {GHz}},
year={1994},
}

@BOOK{kelleher64,
   author = {K.S. Kelleher},
   title = {The Microwave Engineers' Handbook and Buyers' Guide},
   publisher = {New York: Horizon Press},
   edition = {5th},
   year = {1964},
}

@ARTICLE{knop72,
author={ Knop, C. and Wiesenfarth, H.},
journal={IEEE Trans. on Antennas and Propagation},
title={On the radiation from an open-ended corrugated pipe carrying the {HE11} mode},
year={1972},
pages={ 644 - 648},
}

%author={Vardhan, H. and Thomas, N. and Seong-Ryong Ryu and Banerjee, B. and Prakash, R.},
@inproceedings{vardhan10,
author={Vardhan, H. and others},
booktitle=globecom,
title={Wireless Data Center with Millimeter Wave Network},
year={2010},
}

\begin{comment}
   author = {Zagatin, V. and others},
\end{comment}
@article {zagatin00,
   author = {Zagatin, V. and Meriakri, V. and Misezhnikov, G. and Chigryai, E. and Shteinshleiger, V.},
   title = {Reflection and absorption characteristics of various physical objects in a millimeter radio-wave range},
   journal = {Doklady Physics},
   pages = {510-511},
   volume = {45},
   issue = {10},
   year = {2000}
}

\begin{comment}
author={Piesiewicz, R. and others},
\end{comment}
@ARTICLE{piesie05,
author={Piesiewicz, R. and Kleine-Ostmann, T. and Krumbholz, N. and Mittleman, D. and Koch, M. and Kurner, T.},
journal={Electronic Letters},
title={Terahertz characterization of building materials},
year={2005},
volume={41},
number={18},
pages={1002-1004},
}

@BOOK{yong11,
   author = {Su-Khiong Yong and Pengfei Xia and Alberto Valdes-Garcia},
   title = {{60 GHz} Technology for {Gbps WLAN} and {WPAN}: From Theory to Practice},
   publisher = {{WILEY}},
   year = {2011},
}

@BOOK{goldsmith05,
   author = {Andrea Goldsmith},
   title = {Wireless Communications},
   publisher = {{Cambridge University Press}},
   year = {2005},
}

%author={K. Ranachandran and R. Kokku and R. Mahindra and S. Rangarajan},
@ARTICLE{ranachandran08,
author={K. Ranachandran and others},
journal={{NEC} Technical Report},
title={60{GHz} data-center networking: wireless =$>$ worryless?},
year={2008},
}



@inproceedings{Manabe95,
author={Manabe, T. and Miura, Y. and Ihara, T.},
booktitle=pimrc,
title={Effects of antenna directivity on indoor multipath propagation characteristics at 60{GHz}},
year={1995},
}


@article{Anderson93,
author = {Anderson, Harry R.},
title = {A ray-tracing propagation model for digital broadcast systems in urban area},
journal = {IEEE Trans. Broadcasting},
volume = {39},
year = {1993},
pages ={309--317}
}


@phdthesis{Laurenson94,
author = {Laurenson, David I.},
title = {Indoor radio channel propagation modeling by ray tracing},
school = {The University of Edinburgh},
year = {1994}
}

%author = {Violette, Edmond J. and others},
@article{violette88,
author = {Violette, Edmond J. and Espeland, Richard H. and Debolt, Robert O. and Schwering, Felix},
title = {Millimeter-wave propagation at street level in an urban environment},
journal = {IEEE Trans. Geoscience and Remote Sensing},
volume = {26},
year = {1988},
pages ={368--380}
}


@ARTICLE{violette88report,
author={Violette, Edmond and Espeland, Richard and Allen, Kenneth C.},
journal={NTIA Report},
title={Millimeter-wave propagation characteristics and channel performance for urban-suburban environments},
year={1988},
}


@ARTICLE{schonthier03,
author={Sch\"{o}nthier, J.},
journal={Tech. Report IST-2001-32686},
title={{WP3-study} ``The 60 {GHz} channel and its modelling''},
year={2003},
}

@ARTICLE{Valdes-Garcia11,
author = {Valdes-garcia, A. and others},
journal={IEEE Communications Magazine},
title={Single-element and phased-array transceiver chipsets for 60-{GHz Gb/s} communications},
year={2011},
}

%author = {Shin, Ji-Yong and Sirer, Emin GÃ¼n and Weatherspoon, Hakim and Kirovski, Darko},
@ARTICLE{shin11,
author = {Shin, Ji-Yong and others},
journal={Technical Reports, Cornell University},
title={On the Feasibility of Completely WIreless Data Centers},
year={2011},
}

@Misc{sibeam,
    key="zzzzz",
  title = {{SiBeam}},
  howpublished = "\url{http://sibeam.com/whitepapers/}",
}

@inProceedings{fattree,
  author = 	 {M. Al-Fares and A. Loukissas and A. Vahdat},
  title = 	 {A Scalable, Commodity Data Center Network Architecture},
  booktitle = sigcomm,
  year = 	 {2008},
}

%  author = 	 {Chuanxiong Guo and others},
@inProceedings{dcell,
  author = 	 {Chuanxiong Guo and Haitao Wu and Kun Tan and Lei Shi and Yongguang Zhang and Songwu Lu},
  title = 	 {DCell: A Scalable and Fault-Tolerant Network Structure for Data Centers},
  booktitle = sigcomm,
  year = 	 {2008},
}


%  author = 	 {Hussam Abu-Libdeh and Paolo Costa and Antony Rowstron and Greg O'Shea and Austin Donnelly},
@inProceedings{camcube,
  author = 	 {Hussam Abu-Libdeh and others},
  title = 	 {Symbiotic Routing in Future Data Centers},
  booktitle = sigcomm,
  year = 	 {2010},
}
	
%Chuanxiong Guo and Guohan Lu and Dan Li and Haitao Wu and Xuan Zhang and Yunfeng Shi and Chen Tian and Yongguang Zhang and Songwu Lu
@inProceedings{bcube,
  author = 	 {Chuanxiong Guo and others},
  title = 	 {{BCube}: a high performance, server-centric network architecture for modular data centers},
  booktitle = sigcomm,
  year = 	 {2009},
}

@inProceedings{helios,
  author = 	 {Nathan Farrington and others},
  title = 	 {Helios: A Hybrid Electrical/Optical Switch Architecture for Modular Data Centers},
  booktitle = sigcomm,
  year = 	 {2010},
}

@inProceedings{vl2, 
    author = {Albert Greenberg and James R. Hamilton and Navendu Jain and Srikanth Kandula and Changhoon Kim and Parantap Lahiri and David A.  Maltz and Parveen Patel and Sudipta Sengupta}, 
    title =  {{VL2}: A Scalable and Flexible Data Center Network},
    booktitle = sigcomm,
    year = {2009},
}

@Misc{802.11ad,
    key="zzzzz",
  title = {{IEEE P802.11ad/D0.1: Enhancements for very high throughput in the 60 GHz band.}},
  howpublished = {Draft 0.1, June 2010},
}

%author = {X. Liu and A. Sheth and M. Kaminsky and K. Papagiannaki and 	S. Seshan and P. Steenkiste},
@inproceedings{liu09,
   author = {Xin Liu and others},
   title = {{DIRC}: Increasing Indoor Wireless Capacity Using Directional Antennas},
   booktitle = sigcomm,
   year = {2009},
}

%author = {Mohammad Al-fares and Sivasankar Radhakrishnan and Barath Raghavan and Nelson Huang and Amin Vahdat},
@inproceedings{ai-fares10,
    author = {Mohammad Al-fares and others},
    title = {Hedera: Dynamic flow scheduling for data center networks},
    booktitle = nsdi,
    year = {2010}
}



%author={Curtis, A.R. and Wonho Kim and Yalagandula, P.},
@inproceedings{Mahout,
	author={Curtis, A.R. and Wonho Kim and Yalagandula, P.},
	booktitle={INFOCOM},
	title={Mahout: Low-overhead datacenter traffic management using end-host-based elephant detection},
	year={2011},
}


% 	author = {Theophilus Benson and others},
@inproceedings{fineTE,
author = {Benson, Theophilus and Anand, Ashok and Akella, Aditya and Zhang, Ming},
 	title = {The case for fine-grained traffic engineering in data centers},
 	booktitle = wren,
 	series = {INM/WREN'10},
 	year = {2010},
}

% 	author = {Mudigonda and others},
@inproceedings{Tamecable,
author = {Mudigonda, Jayaram and Yalagandula, Praveen and Mogul, Jeffrey C.},
 	title = {Taming the flying cable monster: a topology design and optimization framework for data-center networks},
 	booktitle = usenix,
 	series = {USENIXATC'11},
 	year = {2011},
}


%	author    = {Ankit Singla and others},
@inproceedings{jellyfish,
author    = {Ankit Singla and Chi-Yao Hong and Lucian Popa and Philip Brighten Godfrey},
  	title     = {Jellyfish: Networking Data Centers Randomly},
  	booktitle = hotcloud,
  	volume    = {abs/1110.1687},
  	year      = {2011},
}


% 	author = {Chen and others},
@inproceedings{Swim,
author = {Chen, Yanpei and Ganapathi, Archana and Griffith, Rean and Katz, Randy},
 	title = {The Case for Evaluating {MapReduce} Performance Using Workload Suites},
 	booktitle = mascots,
 	year = {2011},
}


%author = {Raiciu, Costin and Barre, Sebastien and Pluntke, Christopher and Greenhalgh, Adam and Wischik, Damon and Handley, Mark},
@inproceedings{multipathtcp,
 	author = {Raiciu and others},
 	title = {Improving datacenter performance and robustness with multipath {TCP}},
 	booktitle = sigcomm,
 	year = {2011},
}


% 	author = {Chowdhury and others},
@inproceedings{orchestra,
author = {Chowdhury, Mosharaf and Zaharia, Matei and Ma, Justin and Jordan, Michael I. and Stoica, Ion},
 	title = {Managing data transfers in computer clusters with orchestra},
 	booktitle = sigcomm,
 	year = {2011},
}


% 	author = {Wischik and others},
@inproceedings{multipathtcpcc,
author = {Wischik, Damon and Raiciu, Costin and Greenhalgh, Adam and Handley, Mark},
 	title = {Design, implementation and evaluation of congestion control for multipath TCP},
 	booktitle = nsdi,
 	year = {2011},
}


@inproceedings{mesos,
 	title = {Mesos: a platform for fine-grained resource sharing in the data center},
        author = {Hindman, Benjamin and Konwinski, Andy and Zaharia, Matei and Ghodsi, Ali and Joseph, Anthony D. and Katz, Randy and Shenker, Scott and Stoica, Ion},
 	booktitle = nsdi,
 	year = {2011},
}


% 	author = {Shieh and others},
@inproceedings{Sharedc,
author = {Shieh, Alan and Kandula, Srikanth and Greenberg, Albert and Kim, Changhoon and Saha, Bikas},
 	title = {Sharing the data center network},
 	booktitle = nsdi,
 	year = {2011},
}

%author = {Heller, Brandon and Seetharaman, Srini and Mahadevan, Priya and Yiakoumis, Yiannis and Sharma, Puneet and Banerjee, Sujata and McKeown, Nick},
@inproceedings{elastictree,
 	author = {Heller and others},
 	title = {ElasticTree: saving energy in data center networks},
 	booktitle = nsdi,
 	year = {2010},
}



% 	author = {Mudigonda and others},
@inproceedings{spain,
author = {Mudigonda, Jayaram and Yalagandula, Praveen and Al-Fares, Mohammad and Mogul, Jeffrey C.},
 	title = {SPAIN: COTS data-center Ethernet for multipathing over arbitrary topologies},
 	booktitle = nsdi,
 	year = {2010},
}


% 	author = {Dean and others},
@inproceedings{MR,
author = {Dean, Jeffrey and Ghemawat, Sanjay},
 	title = {{MapReduce}: simplified data processing on large clusters},
 	booktitle = osdi,
 	year = {2004},
}



%author = {Isard, Michael and Prabhakaran, Vijayan and Currey, Jon and Wieder, Udi and Talwar, Kunal and Goldberg, Andrew},
@inproceedings{quincy,
 	author = {Isard and others},
 	title = {Quincy: fair scheduling for distributed computing clusters},
 	booktitle = sosp,
 	series = {SOSP '09},
 	year = {2009},
}


%hardware
%author={Floyd, B. and Reynolds, S. and Pfeiffer, U. and Beukema, T. and Grzyb, J. and Haymes, C.},
@inproceedings{60ghzchipset,
author={Floyd and others},
booktitle={Solid-State Circuits Conference, 2006. ISSCC 2006. Digest of Technical Papers. IEEE International},
title={A silicon 60GHz receiver and transmitter chipset for broadband communications},
year={2006},
month={feb.},
volume={},
number={},
pages={649 -658},
}


%author={Katayama, Y. and Haymes, C. and Nakano, D. and Beukema, T. and Floyd, B. and Reynolds, S. and Pfeiffer, U. and Gaucher, B. and Schleupen, K.},
@inproceedings{HDTVtransmission,
author={Y. Katayama and others},
booktitle={Consumer Communications and Networking Conference, 2007. CCNC 2007. 4th IEEE},
title={2-Gbps Uncompressed HDTV Transmission over 60-GHz SiGe Radio Link},
year={2007},
month={jan. },
volume={},
number={},
pages={12 -16},
keywords={},
doi={10.1109/CCNC.2007.10},
ISSN={},}

%author={Sheldon and others},
@inproceedings{4channel,
author={Sheldon, C. and Munkyo Seo and Torkildson, E. and Rodwell, M. and Madhow, U.},
booktitle={Microwave Symposium Digest, 2009. MTT '09. IEEE MTT-S International},
title={Four-channel spatial multiplexing over a millimeter-wave line-of-sight link},
year={2009},
month={june},
}


%author={Sheldon, C. and Torkildson, E. and Munkyo Seo and Yue, C.P. and Rodwell, M. and Madhow, U.},
@inproceedings{2channel,
author={C. Sheldon and others},
booktitle={Wireless Technology, 2008. EuWiT 2008. European Conference on},
title={Spatial multiplexing over a line-of-sight millimeter-wave MIMO link: A two-channel hardware demonstration at 1.2Gbps over 41m range},
year={2008},
month={oct.},
volume={},
number={},
pages={198 -201},
}

@inproceedings{2ndpath,
author={Tsang, Y. Ming and Poon, Ada S. Y.},
booktitle={Proc. of Allerton},
title={Successive {AoA} estimation: Revealing the second path for 60 GHz communication system},
year={2011},
}


%Control plane
% author = {Greenberg and others},
@inproceedings{NG2,
author = {Greenberg, Albert and Lahiri, Parantap and Maltz, David A. and Patel, Parveen and Sengupta, Sudipta},
 title = {Towards a next generation data center architecture: scalability and commoditization},
 booktitle = {Proc. of PRESTO},
 year = {2008},
}

% author = {Yan and others},
@inproceedings{Tesseract,
 author = {Yan, Hong and Maltz, David A. and Ng, T. S. Eugene and Gogineni, Hemant and Zhang, Hui and Cai, Zheng},
 title = {Tesseract: a 4D network control plane},
 booktitle = nsdi,
 year = {2007},
}


@inproceedings{Myers04,
    author = {Andy Myers and T.S. Eugene Ng and Hui Zhang},
    title = {Rethinking the Service Model: Scaling Ethernet to a Million Nodes},
    year = {2004},
    booktitle = hotnets,
}

% author = {Nikolaidis, Georgios and Zhushi, Astrit and Jamieson, Kyle and Karp, Brad},
@article{nikolaidis10,
 author = {Nikolaidis, Georgios and others},
 title = {Cone of silence: adaptively nulling interferers in wireless networks},
 journal = {SIGCOMM CCR},
 year = {2010},
}

% author = {Qiu, Lili and Zhang, Yin and Wang, Feng and Han, Mi Kyung and Mahajan, Ratul},
@inproceedings{qiu07,
 author = {Qiu, Lili and others},
 title = {A general model of wireless interference},
 booktitle = mobicom,
 year = {2007},
}

@BOOK{graphth,
   author = {Reinhard Diestel},
   title = {Graph Theory},
   publisher = {Springer-Verlag, Heidelberg},
   edition = {4th},
   year = {2010},
}

@InProceedings{zhang-hotnets11,
  author = 	 {Weile Zhang and Xia Zhou and Lei Yang and Zengbin Zhang and Ben Y. Zhao and Haitao Zheng },
  title = 	 {{3D} Beamforming for Wireless Data Centers},
  booktitle = hotnets,
  year = 	 {2011},
}

@InProceedings{deadline,
  author = 	 {Christo Wilson and Hitesh Ballani and Thomas Karagiannis and Antony Rowstron},
  title = 	 {Better Never than Late: Meeting Deadlines in Datacenter Networks},
  booktitle = sigcomm,
  year = 	 {2011},
}







@inproceedings{Myers04,

    author = {Andy Myers and T.S. Eugene Ng and Hui Zhang},

    title = {Rethinking the Service Model: Scaling Ethernet to a Million Nodes},

    year = {2004},

    series = {Hotnets'04},

}

@inproceedings{incast,
 author = {Chen and Others},
 title = {Understanding TCP incast throughput collapse in datacenter networks},
 booktitle = {Proceedings of the 1st ACM workshop on Research on enterprise networking},
 series = {WREN '09},
 year = {2009},
} 

@inproceedings{smallapp,
  author = {Yang, Fan and Shanmugasundaram, Jayavel and Yerneni, Ramana},
  booktitle = {Proc. of CIDR},
  title = {A Scalable Data Platform for a Large Number of Small Applications},
  year = 2009
}


@inproceedings{GFS,
 author = {Ghemawat and others},
 title = {The Google file system},
 booktitle = {Proceedings of the nineteenth ACM symposium on Operating systems principles},
 series = {SOSP '03},
 year = {2003},
 } 


@inproceedings{dryad,
author = {Isard and others},
 title = {Dryad: distributed data-parallel programs from sequential building blocks},
 booktitle = {Proceedings of the 2nd ACM SIGOPS/EuroSys European Conference on Computer Systems 2007},
 series = {EuroSys '07},
 year = {2007},

} 

@Article{kamil09,
  author = 	 {S. Kamil and L. Oliker and A. Pinar and J. Shalf},
  title = 	 {Communication Requirements and Interconnect  Optimization for High-End Scientific Applications},
  journal = 	 {IEEE TPDS},
  year = 	 {2009},
volume = {21},
pages = {188-202},
}

@inproceedings{userstack,
author = {Ilias Marinos and Robert N.M. Watson and Mark Handley},
 title = {Network stack specialization for performance},
 booktitle = sigcomm,
 year = {2014}
} 

@inproceedings{farm,
    author = {Aleksandar Dragojevic and Dushyanth Narayanan and Orion Hodson and Miguel Castro},
    title = {{FaRM}: Fast Remote Memory},
    booktitle = nsdi,
    year = 2014
}

@inproceedings{inteltcp,
    title = {Architectural Breakdown of End-to-End Latency in a {TCP/IP} Network},
    author = {Steen Larsen and Parthasarathy Sarangam and Ram Huggahalli},
    booktitle = {{SBAC-PAD}},
    year = 2007
}

@Misc{lso,
    key="zzzzz",
  title={Offloading the Segmentation of Large {TCP} Packets},
  howpublished = "\url{http://msdn.microsoft.com/en-us/library/windows/hardware/ff568840(v=vs.85).aspx}",
}

@Misc{rss,
    key="zzzzz",
  title={{Receive Side Scaling (RSS)}},
  howpublished = "\url{http://technet.microsoft.com/en-us/library/hh997036.aspx}",
}

@Misc{iperf,
    key="zzzzz",
  title={Iperf - The {TCP/UDP} Bandwidth Measurement Tool},
  howpublished = "\url{http://iperf.fr}",
}

@Misc{ddio,
    key="zzzzz",
  title={Intel Data Direct {I/O} Technology },
  howpublished = "\url{http://www.intel.com/content/www/us/en/io/data-direct-i-o-technology-brief.html}",
}

@Misc{qpc,
    key="zzzzz",
  title={{QueryPerformanceCounter function}},
  howpublished = "\url{http://msdn.microsoft.com/en-us/library/windows/desktop/ms644904(v=vs.85).aspx}",
}

@inproceedings{pilaf,
    title={Using One-Sided RDMA Reads to Build a Fast, CPU-Efficient Key-Value
        Store},
    author = {Christopher Mitchell and Yifeng Geng and Jinyang Li},
    booktitle={{USENIX ATC}},
    year=2013
}

@Misc{ib-spec, 
    author = {{Infiniband Trade Association}},
    title = {{InfiniBand} Architecture Volume 1, General Specifications, Release 1.2.1},
    year = 2008
}

@Misc{ib-hw-spec, 
    author = {{Infiniband Trade Association}},
    title = {{InfiniBand} Architecture Volume 2, Physical Specifications, Release 1.3},
    year = 2012
}

@Misc{roce,
    author = {{Infiniband Trade Association}}, 
    title = {Supplement to {InfiniBand} Architecture Specification Volume 1
        Release 1.2.2 Annex {A16}: {RDMA} over Converged Ethernet ({RoCE})},
    year = 2010
}

@Misc{rocev2,
    author = {{Infiniband Trade Association}}, 
    title = {Supplement to {InfiniBand} Architecture Specification Volume 1
        Release 1.2.2 ANNEX {A17}: {RoCEv2} ({IP} ROUTABLE {RoCE})},
    year = 2014
}

@Inproceedings{ib-scale,
    author = {Hari Subramoni and Sreeram Potluri and Krishna Kandalla and Bill
        Barth and Jerome Vienne and Jeff Keasler and Karen Tomko and Karl Schulz
        and Adam Moody and Dhabaleswar Panda},
    title = {Design of a Scalable {InfiniBand} Topology Service to Enable
        Network-Topology-Aware Placement of Processes},
    booktitle={{SC}},
    year=2012
}

@Misc{pfc,
    author={{IEEE}},
    title = {{802.11Qbb. Priority based flow control}}, 
    year=2011
}

@Misc{qcn,
    author={{IEEE}},
    title={{802.11Qau. Congestion notification}},
    url="http://www.ieee802.org/1/pages/dcbridges.html",
    year=2010
}

@Inproceedings{qcn-allerton,
    author = {M. Alizadeh and B. Atikoglu and A. Kabbani and A.  Lakshmikantha and R. Pan and B. Prabhakar and M. Seaman}, 
    title = {Data center transport mechanisms: Congestion control theory and {IEEE} standardization},
    booktitle ={{Allerton}}, 
    year=2008
   
}

@InProceedings{qcn-analysis,
    title={Stability analysis of {QCN}: the averaging principle},
    author={Mohammad Alizadeh and Abdul Kabbani and Berk Atikoglu and Balaji
        Prabhakar},
    booktitle={{SIGMETRICS}},
    year=2011
}

@InProceedings{dctcp-analysis,
    title={Analysis of {DCTCP}: Stability, Convergence and Fairness},
    author={Mohammad Alizadeh and A. Javanmard and Balaji Prabhakar},
    booktitle={{SIGMETRICS}},
    year=2011
}

@Misc{qcn-hw,
    title = "{{QCN Implementation on Hardware}}",
    author="{{Masato Yasuda and Nobuharu Kami and Abdul Kabbani and Balaji
        Prabhakar}}",
    howpbulished=
    "\url{{http://www.ieee802.org/1/files/public/docs2009/au-yasuda-kabbani-0509-HW_implementation.pdf}}"
}


@Misc{rfc-udp,
    title={User Datagram Protocol},
    author={J. Postel},
    howpublished={{RFC 768}}
}

@Misc{rfc-iwarp,
    title={A Remote Direct Memory Access Protocol Specification},
    author={M. Recio and B. Metzler and P. Culley and J. Hilland and D. Garcia},
    howpublished={{RFC 5040}}
}

@Misc{rfc-idle,
    title={{TCP Congestion Window Validation}},
    author={{Mark Handley and Jitendra Padhye and Sally Floyd}},
    howpublished={{RFC2861}}
}

@Misc{ns3,
    key="zzzzz",
    title={{The NS3 Simulator}},
    howpublished={{https://www.nsnam.org/}}
}

@Misc{ecn,
    title={The Addition of Explicit Congestion Notification ({ECN})},
    author={K. Ramakrishnan and S. Floyd and D. Black},
    howpublished={{RFC 3168}}
}

@InProceedings{dctcp,
    title={{Data Center TCP (DCTCP)}},
    author = "M. Alizadeh and A. Greenberg and D. Maltz and J. Padhye and P.  Patel and B. Prabhakar and S. Sengupta and M. Sridharan",
    booktitle=sigcomm,
    year=2010
}

@Article{red,
   author = {Sally Floyd and Van Jacobson},
   title = {Random Early Detection gateways for Congestion Avoidance}, 
   journal = {{IEEE/ACM Transactions on Networking}},
   volume=1,
   pages={397--413},
   year=1993
}

@Inproceedings{tcp-bolt,
    title={Practical {DCB} for Improved Data Center Networks},
    author={Brent Stephens and Alan Cox and Ankit Singla and John Carter and
        Colin Dixon and Wesley Felter},
    booktitle={{INFOCOMM}},
    year=2014
}

@Misc{cisco-whitepaper,
    author = {{Cisco}},
    title = {Priority Flow Control: Build Reliable Layer 2 Infrastructure},
    howpublished={\url{http://www.cisco.com/en/US/prod/collateral/switches/ps9441/ps9670/white_paper_c11-542809_ns783_Networking_Solutions_White_Paper.html}}
}

@Misc{tcp-sack,
    title={{TCP Selective Acknowledgment Options}},
    author={{M. Mathis and J. Mahdavi and S. Floyd and A. Romanow}},
    howpublished={{RFC 2018}}
}

@Misc{cavium,
    title={{Cavium 210Sv LiquidIO Server Adapters}},
    url={\url{http://www.cavium.com/LiquidIO_Server_Adapters.html}}
}

@InProceedings{netpilot,
    title = {NetPilot: Automating Datacenter Network Failure Mitigation},
    author={Xin Wu and Daniel Turner and George Chen and Dave Maltz and Xiaowei Yang and Lihua
        Yuan and Ming Zhang},
    booktitle=sigcomm,
    year=2012
}

@inproceedings{vasudevan2009safe,
  title={Safe and effective fine-grained {TCP} retransmissions for datacenter
      communication},
  author={Vasudevan, Vijay and Phanishayee, Amar and Shah, Hiral and Krevat,
      Elie and Andersen, David G and Ganger, Gregory R and Gibson, Garth A and
          Mueller, Brian},
  booktitle=sigcomm,
  year={2009},
}

@Misc{chelsio,
    key="zzzzz",
    title={{Chelsio Terminator 5 ASIC}},
    howpublished={\url{http://www.chelsio.com/nic/rdma-iwarp/}}
}

@InProceedings{netmap,
    title={{netmap: a novel framework for fast packet I/O}},
    author={{Luigi Rizzo}},
    booktitle={{USENIX ATC}},
    year=2012
}
    
@inproceedings{jeong14mtcp,
    author = {EunYoung Jeong and Shinae Woo and Asim Jamshed and Haewon Jeong and Sunghwan Ihm and Dongsu Han and KyoungSoo Park},
    title = {{mTCP}: a Highly Scalable User-level {TCP} Stack for Multicore Systems},
    booktitle = nsdi,
    year = {2014}
}


@inproceedings{dukkipati07rcp,
    author = {Dukkipati, Nandita},
    title = {Rate Control Protocol ({RCP}): Congestion control to make flows complete quickly},
    booktitle = {PhD diss., Stanford University},
    year = {2007}
}

@inproceedings{duato05recn,
    author = {Jose Duetto and Ian Johnson and Jose Flich and Finbar Naven and P. Garcia and Teresa Nachiondo},
    title = {A new scalable and cost-effective congestion management strategy for lossless multistage interconnection networks},
    booktitle = {{HPCA}},
    year = {2005}
}

@inproceedings{mora07recniq,
    author = {Mora, Gaspar and Pedro Javier Garcia and Jose Flich and Jose Duato},
    title = {{RECN-IQ}: A cost-effective input-queued switch architecture with congestion management},
    booktitle = {{ICPP}},
    year = {2007}
}

@inproceedings{alizadeh12,
    author = {Mohammad Alizadeh and Abdul Kabbani and Tom Edsall and Balaji Prabhakar and Amin Vahdat and Masato Yasuda},
    title = {Less Is More: Trading a Little Bandwidth for Ultra-Low Latency in the Data Center},
    booktitle = nsdi,
    year = {2012}
}

%author = {Kangarlou, Ardalan, Sahan Gamage, Ramana Rao Kompella, and Dongyan Xu}
@inproceedings{kangarlou10,
    author = {Kangarlou, Ardalan and others},
    title = {{vSnoop}: Improving {TCP} throughput in virtualized environments via acknowledgement offload},
    booktitle = {{SC}},
    year = {2010}
}

%author = {Alizadeh, Mohammad, Shuang Yang, Milad Sharif, Sachin Katti, Nick McKeown, Balaji Prabhakar, and Scott Shenker}
@inproceedings{alizadeh13pfabric,
    author = {Alizadeh, Mohammad and Shuang Yang and Milad Sharif and Sachin Katti and Nick McKeown and Balaji Prabhakar and Scott Shenker},
    title = {{pFabric}: Minimal near-optimal datacenter transport},
    booktitle = sigcomm,
    year = {2013}
}

@inproceedings{zats12detail,
    author = {David Zats and Tathagata Das and Prashanth Mohan and Dhruba
        Borthakur and Randy Katz},
    title = {DeTail: Reducing the flow completion time tail in datacenter networks},
    booktitle = sigcomm,
    year = {2012}
}

@inproceedings{erasure-storage,
    title={Erasure Coding in {Windows Azure} Storage},
    author="Cheng Huang and Huseyin Simitci and Yikang Xu and Aaron Ogus and
        Brad Calder and Parikshit Gopalan and Jin Li and Sergey Yekhanin",
    booktitle="USENIX ATC",
    year=2012
}

@inproceedings{dctraffic,
    title={The Nature of Datacenter Traffic: Measurements and Analysis},
    author={Srikanth Kandula and Sudipta Sengupta and Albert Greenberg and
        Parveen Patel and Ronnie Chaiken},
    booktitle={{IMC}},
    year=2009
}

@Inproceedings{qcn-incast,
    title = {Performance of Quantized Congestion Notification in {TCP} Incast Scenarios of Data Centers},
    author={Prajjawal Devkota and A. L. Narasimha Reddy},
    booktitle={{MASCOTS}},
    year=2012
}

@Inproceedings{perry14fastpass,
    title={Fastpass: A Centralized, Zero-Queue Datacenter Network},
    author={Perry, Jonathan and Amy Ousterhout and Hari Balakrishnan and Devavrat Shah and Hans Fugal},
    booktitle= sigcomm,
    year=2014
}

@Inproceedings{sivaraman14,
    title={An experimental study of the learnability of congestion control},
    author={Sivaraman, Anirudh and Keith Winstein and Pratiksha Thaker and Hari Balakrishnan},
    booktitle= sigcomm,
    year=2014
}

@Inproceedings{winstein13,
    title={{TCP} ex machina: computer-generated congestion control},
    author={Winstein, Keith and Hari Balakrishnan},
    booktitle= sigcomm,
    year=2013
}

@misc{mlnx,
    key="zzzzz",
    title = {{ConnectX-4} Single/Dual-Port Adapter supporting 100Gb/s},
    howpublished={{http://www.mellanox.com/}}
}

@article{dynamicqueue,
  title={Dynamic Queue Length Thresholds for Shared-Memory Packet Switches},
  author={Abhijit K. Choudhury and Ellen L. Hahne},
  journal={IEEE/ACM Transactions on Networking},
  volume={6},
  number={2},
  year={1998},
  publisher={IEEE}
}

@inproceedings{timely,
    author={Radhika Mitta and Emily Blem and Nandita Dukkipati and Terry Lam and
        Amin Vahdat and Yaogong Wang and Hassan Wassel and David Wetherall and
        David Zats  and Monia Ghobadi},
    title = {{TIMELY}: {RTT}-based congestion control for the datacenter},
    booktitle = sigcomm,
    year = 2015
}

@inproceedings{dcqcn,
    author={Yibo Zhu and Haggai Eran and Daniel Firestone and Chuanxiong Guo and
        Marina Lipshteyn and Yehonatan Liron and Jitendra Padhye and Shachar
            Raindel and Mohamad Haj Yahia and Ming Zhang},
    title = {{Congestion Control for Large-Scale RDMA Deployments}},
    booktitle = sigcomm,
    year = 2015
}

@inproceedings{firstexp,
    title={First experiences with congestion control in InfiniBand hardware},
    author = {Ernst Gunnar Gran and Magne Eimot and Sven-Arne Reinemo and Tor
        Skeie and Olav Lysne and Lars Paul Huse and Gilad Shainer},
    booktitle = "IPDPS",
    year = 2010
}

@article{tcp-vegas,
  title={TCP Vegas: End to end congestion avoidance on a global Internet},
  author={Brakmo, Lawrence S. and Peterson, Larry L},
  journal={Selected Areas in Communications, IEEE Journal on},
  volume={13},
  number={8},
  pages={1465--1480},
  year={1995},
  publisher={IEEE}
}

@book{controltheory,
  title={Automatic control systems},
  author={Farid Golnarghi and Benjamin C. Kuo},
  year={2009},
  publisher={Wiely}
}

@Misc{timely_private,
  key="zzzzz",
  title={{Conversations with TIMELY authors at SIGCOMM 2015}}
}


@inproceedings{misra2000fluid,
  title={Fluid-based analysis of a network of AQM routers supporting TCP flows with an application to RED},
  author={Misra, Vishal and Gong, Wei-Bo and Towsley, Don},
  booktitle={ACM SIGCOMM Computer Communication Review},
  volume={30},
  number={4},
  pages={151--160},
  year={2000},
  organization={ACM}
}

@inproceedings{REM,
  author    = {Sanjeewa Athuraliya and
               David E. Lapsley and
               Steven H. Low},
  title     = {An Enhanced Random Early Marking Algorithm for Internet Flow Control},
  booktitle = {Proceedings of {IEEE} {INFOCOM} 2000},
  pages     = {1425--1434},
  year      = {2000},
  timestamp = {Mon, 26 Jan 2015 16:54:51 +0100},
  biburl    = {http://dblp.uni-trier.de/rec/bib/conf/infocom/AthuraliyaLL00},
  bibsource = {dblp computer science bibliography, http://dblp.org}
}

@inproceedings{hollot2001designing,
  title={On designing improved controllers for AQM routers supporting TCP flows},
  author={C.V. Hollot and Vishal Misra and Don Towsley and Wei-Bo Gong},
  booktitle={INFOCOM 2001. Twentieth Annual Joint Conference of the IEEE Computer and Communications Societies. Proceedings. IEEE},
  volume={3},
  pages={1726--1734},
  year={2001},
  organization={IEEE}
}

@article{misra:TAC2002,
author = {C.V. Hollot and Vishal Misra and Don Towsley and Wei-Bo Gong},
title = {Analysis and design of controllers for AQM routers supporting TCP flows},
journal = {IEEE Transactions on Automatic Control},
year = 2002 }


@inproceedings{Hollot:PIController,
author = {C.V. Hollot and V. Misra and Don Towsley and Wei-Bo Gong},
title = {{On Designing Improved Controllers for AQM Routers Supporting TCP Flows}},
booktitle = {Proceedings of IEEE INFOCOM'01},
year = 2001,
address = {Anchorage, AK},
month = apr
}

@inproceedings{gorinsky2004feedback,
  title={Feedback modeling in Internet congestion control},
  author={Gorinsky, Sergey},
  booktitle={NEW2AN 2004, the International Conference on Next Generation Teletraffic and Wired/Wireless Advanced Networking},
  volume={4},
  pages={231--234},
  year={2004}
}


@article{bufferbloat,
  title={Bufferbloat: Dark buffers in the internet},
  author={Gettys, Jim and Nichols, Kathleen},
  journal={Queue},
  volume=9,
  number=11,
  pages=40,
  year=2011,
  publisher={ACM}
}


@Misc{bufferbloat-pi,
  howpublished = {\url{https://tools.ietf.org/html/draft-pan-tsvwg-pie-00}},
    author = {Pan, Rong and Natarajan, Preethi and Piglione, Chiara and Prabhu, Mythili Suryanarayana and Subramanian, Vijay and Baker, Fred and VerSteeg, Bill}
}

@inproceedings{conf/hpsr/PanNPPSBV13,
  added-at = {2013-09-25T00:00:00.000+0200},
  author = {Pan, Rong and Natarajan, Preethi and Piglione, Chiara and Prabhu, Mythili Suryanarayana and Subramanian, Vijay and Baker, Fred and VerSteeg, Bill},
  biburl = {http://www.bibsonomy.org/bibtex/208dbb89e5140dd2502f6c9e9fb807ec2/dblp},
  booktitle = {HPSR},
  ee = {http://dx.doi.org/10.1109/HPSR.2013.6602305},
  interhash = {0b12d736fb2aa48e3d9db280061d3b25},
  intrahash = {08dbb89e5140dd2502f6c9e9fb807ec2},
  keywords = {dblp},
  pages = {148-155},
  publisher = {IEEE},
  timestamp = {2013-09-26T11:35:35.000+0200},
  title = {PIE: A lightweight control scheme to address the bufferbloat problem.},
  url = {http://dblp.uni-trier.de/db/conf/hpsr/hpsr2013.html#PanNPPSBV13},
  year = 2013
}


@book{srikantbook,
  title={The mathematics of Internet congestion control},
  author={Srikant, Rayadurgam},
  year={2012},
  publisher={Springer Science \& Business Media}
}

@inproceedings{dukkipati2006rcp,
  title={RCP-AC: Congestion control to make flows complete quickly in any environment},
  author={Dukkipati, Nandita and McKeown, Nick and Fraser, Alexander G},
  booktitle={INFOCOM 2006. 25th IEEE International Conference on Computer Communications. Proceedings},
  pages={1--5},
  year={2006},
  organization={IEEE}
}

@inproceedings{vattikonda2012practical,
  title={Practical TDMA for datacenter ethernet},
  author={Vattikonda, Bhanu Chandra and Porter, George and Vahdat, Amin and Snoeren, Alex C},
  booktitle={{EuroSys}},
  pages={225--238},
  year={2012},
  organization={ACM}
}

@inproceedings{wilson2011better,
  title={Better never than late: Meeting deadlines in datacenter networks},
  author={Wilson, Christo and Ballani, Hitesh and Karagiannis, Thomas and Rowtron, Ant},
  booktitle={ACM SIGCOMM Computer Communication Review},
  volume={41},
  number={4},
  pages={50--61},
  year={2011},
  organization={ACM}
}


@Misc{fullpaper,
 key="zzzzzzzzzz",
 howpublished={\url{http://tinyurl.com/gsrrjfh}}
}

